% This file was created with JabRef 2.9.2.
% Encoding: Cp1252

@ARTICLE{PER-GRA:2007,
  author = {P\'erez, Fernando and Granger, Brian E.},
  title = {{IP}ython: a System for Interactive Scientific Computing},
  journal = {Computing in Science and Engineering},
  year = {2007},
  volume = {9},
  pages = {21--29},
  number = {3},
  month = may,
  doi = {10.1109/MCSE.2007.53},
  issn = {1521-9615},
  publisher = {IEEE Computer Society},
  url = {http://ipython.org}
}

@ELECTRONIC{Verdier,
  author = {Olivier Verdier},
  month = {June},
  year = {2012},
  title = {Python highlighting in \LaTeX},
  howpublished = {\url{https://github.com/olivierverdier/python-latex-highlighting}},
  url = {https://github.com/olivierverdier/python-latex-highlighting}
}

